@book{cook:99,
  author={R. Dennis Cook and Sanford Weisberg},
  year={1999},
  title={Applied Regression Including Computing and Graphics},
  publisher={Wiley Series in Probability and Statistics}
}

@book{tukey:eda,
  author={John Wilder Tukey},
  title={Exploratory Data Analysis},
  year=1977,
  publisher={Addison-Wesley}
}

@InCollection{buja:1988,
  author  = {Buja, Andreas and Asimov, Daniel and Hurley, Catherine and
            McDonald, John A.},
  title   = {Elements of a viewing pipeline for data analysis},
  booktitle={Dynamic Graphics for Statistics},
  keywords= {pipeline},
  publisher={Wadsworth, Inc.},
  year    = {1988}
}

@Article{buja:2009,
  author  = {Buja, Andreas and Cook, Dianne and Hofmann, Heike and Lawrence,
            Michael and Lee, Eun-Kyung and Swayne, Deborah F. and Wickham,
            Hadley},
  title   = {Statistical Inference for Exploratory Data Analysis and Model
            Diagnostics},
  journal = {Royal Society Philosophical Transactions A},
  number  = {1906},
  pages   = {4361-4383},
  volume  = {367},
  year    = {2009}
}

@Article{cleveland:1984,
  author  = {Cleveland, William S. and McGill, Robert},
  title   = {Graphical Perception: Theory, Experimentation and Application to
            the Development of Graphical Methods.},
  journal = {Journal of the American Statistical Association},
  keywords= {perception},
  number  = 387,
  pages   = {531-554},
  volume  = 79,
  year    = 1984
}

@Book{daniel:1976,
  author  = {Daniel, C.},
  title   = {Applications of Statistics to Industrial Experimentation},
  address = {Hoboken, NJ},
  publisher={Wiley-Interscience},
  year    = 1976
}

@Book{davison:1997,
  author  = {Davison, A.~C. and Hinkley, D.~V.},
  title   = {Bootstrap Methods and their Applications},
  address = {Cambridge, UK},
  publisher={Cambridge University Press},
  year    = 1997
}

@InCollection{diaconis:1983a,
  author  = {Diaconis, P.},
  title   = {Theories of Data Analysis: From Magical Thinking Through
            Classical Statistics},
  address = {New York},
  booktitle={Exploring Data Tables, Trends and Shapes},
  editor  = {Hoaglin, D. and Mosteller, F. and Tukey, J.},
  pages   = {1--36},
  publisher={Wiley},
  year    = 1983
}

@Article{gelman:2004,
  author  = {Gelman, A.},
  journal = {Journal of Computational and Graphical Statistics},
  keywords= {inference},
  number  = {4},
  pages   = {755--779},
  title   = {Exploratory {D}ata {A}nalysis for {C}omplex {M}odels},
  volume  = {13},
  year    = {2004}
}

@Article{gelman:2004a,
  author  = {Gelman, A.},
  journal = {Journal of Computational and Graphical Statistics},
  keywords= {inference},
  number  = {4},
  pages   = {785--787},
  title   = {Exploratory {D}ata {A}nalysis for {C}omplex {M}odels: {R}ejoinder},
  volume  = {13},
  year    = {2004}
}


@Article{ham:2009,
  author  = {van Ham, Frank and Wattenberg, Martin and Viegas, Fernanda B.},
  title   = {Mapping Text with Phrase Nets},
  address = {Los Alamitos, CA, USA},
  doi     = {http://doi.ieeecomputersociety.org/10.1109/TVCG.2009.165},
  issn    = {1077-2626},
  journal = {IEEE Transactions on Visualization and Computer Graphics},
  pages   = {1169-1176},
  publisher={IEEE Computer Society},
  volume  = {15},
  year    = {2009}
}

@misc{healey:2009,
  author  = {Healey, Chris},
  title   = {Perception in visualisation},
  lastchecked={May 11, 2009},
  url     = {http://www.csc.ncsu.edu/faculty/healey/PP/ index.html},
  year    = {2009}
}

@Article{langsrud:2005,
  author  = {Langsrud, {\O}.},
  title   = {Rotation tests},
  address = {Hingham, MA, USA},
  issn    = {0960-3174},
  journal = {Statistics and Computing},
  number  = {1},
  pages   = {53--60},
  publisher={Kluwer Academic Publishers},
  volume  = {15},
  year    = {2005}
}

@Article{Ruppert:2007,
  author  = {Ruppert, David and  Nettleton, Dan and Hwang, J.T. Gene},
  title   = {Exploring the Information in p-values for the Analysis and Planning of Multiple-test Experiments},
  journal = {Biometrics},
  pages   = {483--495},
  volume  = {63},
  year    = {2007}
}

@Manual{R,year=2012,
  title		= {R: {A} Language and Environment for
		   Statistical Computing},
  author	= {{R Development Core Team}},
  organization	= {R Foundation for Statistical Computing},
  address	= {Vienna, Austria},
  year		= {2012},
  note          = {{ISBN} 3-900051-07-0},
  url		= {http://www.R-project.org/}
}

@Article{scott:1954,
  author  = {Scott, E. L. and Shane, C. D. and Swanson, M. D.},
  title   = {Comparison of the Synthetic and Actual Distribution of Galaxies
            on a Photographic Plate},
  journal = {Astrophysical Journal},
  keywords= {inference},
  month   = jan,
  pages   = {91--112},
  volume  = 119,
  year    = 1954
}
@Book{wilkinson:1999,
  author  = {Wilkinson, Leland},
  title   = {The Grammar of Graphics},
  address = {New York},
  publisher={NY: Springer},
  year    = 1999
}

@Article{wilkinson:2009,
  author  = {Wilkinson, Leland and Friendly, Michael},
  title   = {The History of the Cluster Heat Map},
  doi     = {10.1198/tas.2009.0033},
  journal = {The American Statistician},
  keywords= {heatmap},
  number  = {2},
  pages   = {179-184},
  volume  = {63},
  year    = {2009}
}

@Article{wolfe:2010,
  author  = {Wolfe, Jeremy M. and Wert, Michael J. Van},
  title   = {Varying Target Prevalence Reveals Two Dissociable Decision
            Criteria in Visual Search},
  journal = {Current Biology},
  number  = {2},
  pages   = {121--124},
  volume  = {20},
  year    = {2010}
}

@Article{pitman:1937a,
  author = {Pitman, E.~J.~G.},
  year = {1937},
  title = {Significance Tests Which May Be Applied To Samples From Any Populations},
  journal = {The Journal of the Royal Statistical Society},
  volume = {4},
  pages = {119--130},
  notes = {Supplement to}
}

@book{Good05,Author="Good, P.",Year="2005",
  title={Permutation, {P}arametric, and {B}ootstrap {T}ests of {H}ypotheses},
  Publisher="Springer",Address="New York"}

@article{Manyeyes:2007,
  Author={Vi{\`e}gas, F. and Wattenberg, M. and van Ham, F. and Kriss, J. and McKeon, M},
  Year=2007,
  Title={ManyEyes: A Site for Visualization at Internet Scale},
  url="http://manyeyes.alphaworks.ibm.com/manyeyes/",
  journal={Transactions on Visualization and Computer Graphics},
  volume={13},
  numer={6},
  pages={1121--1128}}


@book{hadley:2009,
	Author = {Wickham, Hadley},
	Date-Added = {2009-02-23 14:56:38 -0600},
	Date-Modified = {2009-02-23 14:57:38 -0600},
	Publisher = {Springer},
	Series = {{useR}},
	Title = {ggplot2: Elegant graphics for data analysis},
	Year = {2009}}
es/",
  journal={Transactions on Visualization and Computer Graphics},
  volume={13},
  numer={6},
  pages={1121--1128}}

@Misc{turk,
  author  = "Amazon",
  title   = "Mechanical {T}urk",
  year    = 2010,
  url     = "http://aws.amazon.com/mturk/"
}

@inproceedings{heer:2010,
 author = {Heer, Jeffrey and Bostock, Michael},
 title = {Crowdsourcing graphical perception: using mechanical turk to assess visualization design},
 booktitle = {Proceedings of the 28th international conference on Human factors in computing systems},
 series = {CHI \'10},
 year = {2010},
 isbn = {978-1-60558-929-9},
 location = {Atlanta, Georgia, USA},
 pages = {203--212},
 numpages = {10},
 url = {http://doi.acm.org/10.1145/1753326.1753357},
 doi = {10.1145/1753326.1753357},
 acmid = {1753357},
 publisher = {ACM},
 address = {New York, NY, USA},
 keywords = {crowdsourcing, evaluation, experimentation, graphical perception, information visualization, mechanical turk, user study},
} 
